@article{pymatgen,
title = {Python Materials Genomics (pymatgen): A robust, open-source python library for materials analysis},
journal = {Computational Materials Science},
volume = {68},
pages = {314-319},
year = {2013},
issn = {0927-0256},
url = {https://doi.org/10.1016/j.commatsci.2012.10.028},
doi = {10.1016/j.commatsci.2012.10.028},
author = {Shyue Ping Ong and William Davidson Richards and Anubhav Jain and Geoffroy Hautier and Michael Kocher and Shreyas Cholia and Dan Gunter and Vincent L. Chevrier and Kristin A. Persson and Gerbrand Ceder},
keywords = {Materials, Project, Design, Thermodynamics, High-throughput},
}

@article{elate,
doi = {10.1088/0953-8984/28/27/275201},
url = {https://dx.doi.org/10.1088/0953-8984/28/27/275201},
year = {2016},
month = {may},
publisher = {IOP Publishing},
volume = {28},
number = {27},
pages = {275201},
author = {Romain Gaillac and Pluton Pullumbi and Fran√ßois-Xavier Coudert},
title = {ELATE: an open-source online application for analysis and visualization of elastic tensors},
journal = {Journal of Physics: Condensed Matter},
}

@article{MTEX,
  title={Calculating anisotropic physical properties from texture data using the MTEX open-source package},
  author={Mainprice, David and Hielscher, Ralf and Schaeben, Helmut},
  journal={Geological Society, London, Special Publications},
  volume={360},
  number={1},
  pages={175--192},
  year={2011},
  publisher={The Geological Society of London London},
  url={http://dx.doi.org/10.1144/SP360.10},
  doi={10.1144/SP360.10}
}

@book{nye,
  title={Physical properties of crystals: their representation by tensors and matrices},
  author={Nye, John Frederick},
  year={1985},
  publisher={Oxford university press}
}

@article{MaterialsProject,
    author = {Jain, Anubhav and Ong, Shyue Ping and Hautier, Geoffroy and Chen, Wei and Richards, William Davidson and Dacek, Stephen and Cholia, Shreyas and Gunter, Dan and Skinner, David and Ceder, Gerbrand and Persson, Kristin A.},
    title = {Commentary: The Materials Project: A materials genome approach to accelerating materials innovation},
    journal = {APL Materials},
    volume = {1},
    number = {1},
    pages = {011002},
    year = {2013},
    month = {07},
    issn = {2166-532X},
    doi = {10.1063/1.4812323},
    url = {https://doi.org/10.1063/1.4812323},
    eprint = {https://pubs.aip.org/aip/apm/article-pdf/doi/10.1063/1.4812323/13163869/011002\_1\_online.pdf},
}

@article{hill,
  title={The elastic behaviour of a crystalline aggregate},
  author={Hill, Richard},
  journal={Proceedings of the Physical Society. Section A},
  volume={65},
  number={5},
  pages={349},
  year={1952},
  publisher={IOP Publishing}
}

@misc{meanElastic,
  author = {Depriester, Dorian},
  title = {Mean elastic properties of isotropic polycrystals: comparison between averaging approximations with numerical computations},
  year = {2019},
  publisher = {ResearchGate},
  url = {https://doi.org/10.13140/RG.2.2.36348.59521/3}
}

@article{orix,
author = "Johnstone, Duncan N. and Martineau, Ben H. and Crout, Phillip and Midgley, Paul A. and Eggeman, Alexander S.",
title = "{Density-based clustering of crystal (mis)orientations and the orix Python library}",
journal = "Journal of Applied Crystallography",
year = "2020",
volume = "53",
number = "5",
pages = "1293--1298",
month = "Oct",
doi = {10.1107/S1600576720011103},
url = {https://doi.org/10.1107/S1600576720011103},
keywords = {data clustering, crystal orientations, fundamental zones, computer programs, Python},
}

@Article{AnisoVis,
AUTHOR = {Healy, David and Timms, Nicholas Erik and Pearce, Mark Alan},
TITLE = {The variation and visualisation of elastic anisotropy in rock-forming minerals},
JOURNAL = {Solid Earth},
VOLUME = {11},
YEAR = {2020},
NUMBER = {2},
PAGES = {259--286},
URL = {https://se.copernicus.org/articles/11/259/2020/},
DOI = {10.5194/se-11-259-2020}
}

@Article{NumPy,
 title         = {Array programming with {NumPy}},
 author        = {Charles R. Harris and K. Jarrod Millman and St{\'{e}}fan J.
                 van der Walt and Ralf Gommers and Pauli Virtanen and David
                 Cournapeau and Eric Wieser and Julian Taylor and Sebastian
                 Berg and Nathaniel J. Smith and Robert Kern and Matti Picus
                 and Stephan Hoyer and Marten H. van Kerkwijk and Matthew
                 Brett and Allan Haldane and Jaime Fern{\'{a}}ndez del
                 R{\'{i}}o and Mark Wiebe and Pearu Peterson and Pierre
                 G{\'{e}}rard-Marchant and Kevin Sheppard and Tyler Reddy and
                 Warren Weckesser and Hameer Abbasi and Christoph Gohlke and
                 Travis E. Oliphant},
 year          = {2020},
 month         = sep,
 journal       = {Nature},
 volume        = {585},
 number        = {7825},
 pages         = {357--362},
 doi           = {10.1038/s41586-020-2649-2},
 publisher     = {Springer Science and Business Media {LLC}},
 url           = {https://doi.org/10.1038/s41586-020-2649-2}
}
