% --------------------------------------------------------------------
% CITATION.bib file for
% This file provides citation information for users
% who want to cite the library, related papers, and books.
% --------------------------------------------------------------------

@software{scikit-plots:vlatest,
  title   = {{ scikit-plots: Machine Learning Visualization in Python }},
  author  = { scikit-plots developers },
  month   = { 11 },
  year    = { 2024 },
  doi     = { 10.5281/zenodo.13367000 },
  url     = { https://scikit-plots.github.io },
  version = { latest },
  message = { Scikit-plot is the result of an unartistic data scientist's dreadful realization that visualization is one of the most crucial components in the data science process, not just a mere afterthought. },
}
