@article{ulloa_etal_scikitmaad_2021,
	title = {scikit‐maad: {An} open‐source and modular toolbox for quantitative soundscape analysis in {Python}},
	issn = {2041-210X, 2041-210X},
	shorttitle = {scikit‐maad},
	url = {https://onlinelibrary.wiley.com/doi/10.1111/2041-210X.13711},
	doi = {10.1111/2041-210X.13711},
	language = {en},
	urldate = {2021-10-04},
	journal = {Methods in Ecology and Evolution},
	author = {Ulloa, Juan Sebastián and Haupert, Sylvain and Latorre, Juan Felipe and Aubin, Thierry and Sueur, Jérôme},
	month = sep,
	year = {2021},
	pages = {2041--210X.13711},
}
