%% This BibTeX bibliography file was created using BibDesk.
%% http://bibdesk.sourceforge.net/

%% Created for Dan Foreman-Mackey at 2017-12-29 12:43:39 -0500 


%% Saved with string encoding Unicode (UTF-8) 



@book{Ivezic:2014,
	Author = {Ivezi{\'c}, {\v{Z}}eljko and Connolly, Andrew J and VanderPlas, Jacob T and Gray, Alexander},
	Date-Added = {2017-12-29 17:43:38 +0000},
	Date-Modified = {2017-12-29 17:43:39 +0000},
	Publisher = {Princeton University Press},
	Title = {Statistics, Data Mining, and Machine Learning in Astronomy: A Practical Python Guide for the Analysis of Survey Data},
	Year = {2014}}

@article{Hogg:2010,
	Adsnote = {Provided by the SAO/NASA Astrophysics Data System},
	Adsurl = {http://adsabs.harvard.edu/abs/2010arXiv1008.4686H},
	Archiveprefix = {arXiv},
	Author = {{Hogg}, D.~W. and {Bovy}, J. and {Lang}, D.},
	Date-Added = {2017-12-29 17:31:27 +0000},
	Date-Modified = {2017-12-29 17:31:27 +0000},
	Eprint = {1008.4686},
	Journal = {ArXiv e-prints},
	Keywords = {Astrophysics - Instrumentation and Methods for Astrophysics, Physics - Data Analysis, Statistics and Probability},
	Month = aug,
	Primaryclass = {astro-ph.IM},
	Title = {{Data analysis recipes: Fitting a model to data}},
	Year = 2010}

@article{Lauritzen:1981,
	Author = {Lauritzen, Steffen L},
	Date-Added = {2017-12-29 17:08:00 +0000},
	Date-Modified = {2017-12-29 17:08:02 +0000},
	Journal = {International Statistical Review/Revue Internationale de Statistique},
	Pages = {319--331},
	Publisher = {JSTOR},
	Title = {Time series analysis in 1880: A discussion of contributions made by TN Thiele},
	Year = {1981}}

@article{Wilson:2015b,
	Author = {Wilson, Andrew Gordon and Hu, Zhiting and Salakhutdinov, Ruslan and Xing, Eric P},
	Date-Added = {2017-06-12 23:37:15 +0000},
	Date-Modified = {2017-06-12 23:37:16 +0000},
	Journal = {arXiv preprint arXiv: 1511.02222},
	Note = {\url{http://arxiv.org/abs/1511.02222}},
	Title = {Deep Kernel Learning},
	Year = {2015}}

@article{Czekala:2017,
	Adsnote = {Provided by the SAO/NASA Astrophysics Data System},
	Adsurl = {http://adsabs.harvard.edu/abs/2017ApJ...840...49C},
	Archiveprefix = {arXiv},
	Author = {{Czekala}, I. and {Mandel}, K.~S. and {Andrews}, S.~M. and {Dittmann}, J.~A. and {Ghosh}, S.~K. and {Montet}, B.~T. and {Newton}, E.~R.},
	Date-Added = {2017-06-12 23:25:51 +0000},
	Date-Modified = {2017-06-12 23:26:08 +0000},
	Doi = {10.3847/1538-4357/aa6aab},
	Eid = {49},
	Eprint = {1702.05652},
	Journal = {\apj},
	Keywords = {binaries: spectroscopic, celestial mechanics, stars: fundamental parameters, stars: individual: LP661-13, techniques: radial velocities, techniques: spectroscopic},
	Month = may,
	Pages = {49},
	Primaryclass = {astro-ph.SR},
	Title = {{Disentangling Time-series Spectra with Gaussian Processes: Applications to Radial Velocity Analysis}},
	Volume = 840,
	Year = 2017,
	Bdsk-Url-1 = {http://dx.doi.org/10.3847/1538-4357/aa6aab}}

@article{Kelly:2011,
	Adsnote = {Provided by the SAO/NASA Astrophysics Data System},
	Adsurl = {http://adsabs.harvard.edu/abs/2011ApJ...730...52K},
	Archiveprefix = {arXiv},
	Author = {{Kelly}, B.~C. and {Sobolewska}, M. and {Siemiginowska}, A.},
	Date-Added = {2017-06-12 16:57:16 +0000},
	Date-Modified = {2017-06-12 16:57:17 +0000},
	Doi = {10.1088/0004-637X/730/1/52},
	Eid = {52},
	Eprint = {1009.6011},
	Journal = {\apj},
	Keywords = {accretion, accretion disks, galaxies: active, methods: data analysis, quasars: general},
	Month = mar,
	Pages = {52},
	Primaryclass = {astro-ph.HE},
	Title = {{A Stochastic Model for the Luminosity Fluctuations of Accreting Black Holes}},
	Volume = 730,
	Year = 2011,
	Bdsk-Url-1 = {http://dx.doi.org/10.1088/0004-637X/730/1/52}}

@article{Ivezic:2008,
	Archiveprefix = {arXiv},
	Author = {Ivezi\'c, \v{Z}. and Tyson, J.~A. and Acosta, E. and Allsman, R. and Anderson, S.~F. and Andrew, J. and Angel, J.~R.~P. and Axelrod, T.~S. and Barr, J.~D. and Becker, A.~C. and others},
	Date-Added = {2017-06-06 22:22:09 +0000},
	Date-Modified = {2017-06-06 22:22:11 +0000},
	Eprint = {0805.2366v4},
	Title = {LSST: from science drivers to reference design and anticipated data products},
	Year = {2008}}

@article{Littlefair:2017,
	Adsnote = {Provided by the SAO/NASA Astrophysics Data System},
	Adsurl = {http://adsabs.harvard.edu/abs/2017MNRAS.466.4250L},
	Archiveprefix = {arXiv},
	Author = {{Littlefair}, S.~P. and {Burningham}, B. and {Helling}, C.},
	Date-Added = {2017-06-02 18:38:58 +0000},
	Date-Modified = {2017-06-02 18:38:59 +0000},
	Doi = {10.1093/mnras/stw3376},
	Eprint = {1703.01245},
	Journal = {\mnras},
	Keywords = {Stars: brown dwarfs, brown dwarfs},
	Month = apr,
	Pages = {4250-4258},
	Primaryclass = {astro-ph.SR},
	Title = {{Robust detection of quasi-periodic variability: a HAWK-I mini survey of late-T dwarfs}},
	Volume = 466,
	Year = 2017,
	Bdsk-Url-1 = {http://dx.doi.org/10.1093/mnras/stw3376}}

@misc{Sokal:1989,
	Author = {Sokal, Alan D},
	Date-Added = {2017-05-30 20:46:10 +0000},
	Date-Modified = {2017-05-30 20:46:12 +0000},
	Publisher = {Troisieme cycle de la physique en Suisse Romande},
	Title = {Monte Carlo methods in statistical mechanics: foundations and new algorithms},
	Year = {1989}}

@article{Zhu:1997,
	Author = {Zhu, Ciyou and Byrd, Richard H and Lu, Peihuang and Nocedal, Jorge},
	Date-Added = {2017-05-30 20:22:03 +0000},
	Date-Modified = {2017-05-30 20:22:04 +0000},
	Journal = {ACM Transactions on Mathematical Software (TOMS)},
	Number = {4},
	Pages = {550--560},
	Publisher = {ACM},
	Title = {Algorithm 778: L-BFGS-B: Fortran subroutines for large-scale bound-constrained optimization},
	Volume = {23},
	Year = {1997}}

@article{Byrd:1995,
	Author = {Byrd, Richard H and Lu, Peihuang and Nocedal, Jorge and Zhu, Ciyou},
	Date-Added = {2017-05-30 20:21:22 +0000},
	Date-Modified = {2017-05-30 20:21:24 +0000},
	Journal = {SIAM Journal on Scientific Computing},
	Number = {5},
	Pages = {1190--1208},
	Publisher = {SIAM},
	Title = {A limited memory algorithm for bound constrained optimization},
	Volume = {16},
	Year = {1995}}

@article{Dawson:2014,
	Adsnote = {Provided by the SAO/NASA Astrophysics Data System},
	Adsurl = {http://adsabs.harvard.edu/abs/2014ApJ...791...89D},
	Archiveprefix = {arXiv},
	Author = {{Dawson}, R.~I. and {Johnson}, J.~A. and {Fabrycky}, D.~C. and {Foreman-Mackey}, D. and {Murray-Clay}, R.~A. and {Buchhave}, L.~A. and {Cargile}, P.~A. and {Clubb}, K.~I. and {Fulton}, B.~J. and {Hebb}, L. and {Howard}, A.~W. and {Huber}, D. and {Shporer}, A. and {Valenti}, J.~A.},
	Date-Added = {2017-03-28 16:51:47 +0000},
	Date-Modified = {2017-03-28 16:51:48 +0000},
	Doi = {10.1088/0004-637X/791/2/89},
	Eid = {89},
	Eprint = {1405.5229},
	Journal = {\apj},
	Keywords = {planetary systems},
	Month = aug,
	Pages = {89},
	Primaryclass = {astro-ph.EP},
	Title = {{Large Eccentricity, Low Mutual Inclination: The Three-dimensional Architecture of a Hierarchical System of Giant Planets}},
	Volume = 791,
	Year = 2014,
	Bdsk-Url-1 = {http://dx.doi.org/10.1088/0004-637X/791/2/89}}

@article{Smith:2012,
	Adsnote = {Provided by the SAO/NASA Astrophysics Data System},
	Adsurl = {http://adsabs.harvard.edu/abs/2012PASP..124.1000S},
	Archiveprefix = {arXiv},
	Author = {{Smith}, J.~C. and {Stumpe}, M.~C. and {Van Cleve}, J.~E. and {Jenkins}, J.~M. and {Barclay}, T.~S. and {Fanelli}, M.~N. and {Girouard}, F.~R. and {Kolodziejczak}, J.~J. and {McCauliff}, S.~D. and {Morris}, R.~L. and {Twicken}, J.~D.},
	Date-Added = {2017-03-28 16:34:23 +0000},
	Date-Modified = {2017-03-28 16:34:23 +0000},
	Doi = {10.1086/667697},
	Eprint = {1203.1383},
	Journal = {\pasp},
	Keywords = {Data Analysis and Techniques},
	Month = sep,
	Pages = {1000-1014},
	Primaryclass = {astro-ph.IM},
	Title = {{Kepler Presearch Data Conditioning II - A Bayesian Approach to Systematic Error Correction}},
	Volume = 124,
	Year = 2012,
	Bdsk-Url-1 = {http://dx.doi.org/10.1086/667697}}

@article{Luger:2017,
	Adsnote = {Provided by the SAO/NASA Astrophysics Data System},
	Adsurl = {http://adsabs.harvard.edu/abs/2017arXiv170205488L},
	Archiveprefix = {arXiv},
	Author = {{Luger}, R. and {Kruse}, E. and {Foreman-Mackey}, D. and {Agol}, E. and {Saunders}, N.},
	Date-Added = {2017-03-27 19:23:34 +0000},
	Date-Modified = {2017-03-27 19:23:34 +0000},
	Eprint = {1702.05488},
	Journal = {ArXiv e-prints},
	Keywords = {Astrophysics - Instrumentation and Methods for Astrophysics, Astrophysics - Earth and Planetary Astrophysics},
	Month = feb,
	Primaryclass = {astro-ph.IM},
	Title = {{An update to the EVEREST K2 pipeline: Short cadence, saturated stars, and Kepler-like photometry down to Kp = 15}},
	Year = 2017}

@article{Astropy-Collaboration:2013,
	Adsnote = {Provided by the SAO/NASA Astrophysics Data System},
	Adsurl = {http://adsabs.harvard.edu/abs/2013A%26A...558A..33A},
	Archiveprefix = {arXiv},
	Author = {{Astropy Collaboration} and {Robitaille}, T.~P. and {Tollerud}, E.~J. and {Greenfield}, P. and {Droettboom}, M. and {Bray}, E. and {Aldcroft}, T. and {Davis}, M. and {Ginsburg}, A. and {Price-Whelan}, A.~M. and {Kerzendorf}, W.~E. and {Conley}, A. and {Crighton}, N. and {Barbary}, K. and {Muna}, D. and {Ferguson}, H. and {Grollier}, F. and {Parikh}, M.~M. and {Nair}, P.~H. and {Unther}, H.~M. and {Deil}, C. and {Woillez}, J. and {Conseil}, S. and {Kramer}, R. and {Turner}, J.~E.~H. and {Singer}, L. and {Fox}, R. and {Weaver}, B.~A. and {Zabalza}, V. and {Edwards}, Z.~I. and {Azalee Bostroem}, K. and {Burke}, D.~J. and {Casey}, A.~R. and {Crawford}, S.~M. and {Dencheva}, N. and {Ely}, J. and {Jenness}, T. and {Labrie}, K. and {Lim}, P.~L. and {Pierfederici}, F. and {Pontzen}, A. and {Ptak}, A. and {Refsdal}, B. and {Servillat}, M. and {Streicher}, O.},
	Date-Added = {2017-03-26 04:59:11 +0000},
	Date-Modified = {2017-03-26 04:59:12 +0000},
	Doi = {10.1051/0004-6361/201322068},
	Eid = {A33},
	Eprint = {1307.6212},
	Journal = {\aap},
	Keywords = {methods: data analysis, methods: miscellaneous, virtual observatory tools},
	Month = oct,
	Pages = {A33},
	Primaryclass = {astro-ph.IM},
	Title = {{Astropy: A community Python package for astronomy}},
	Volume = 558,
	Year = 2013,
	Bdsk-Url-1 = {http://dx.doi.org/10.1051/0004-6361/201322068}}

@inproceedings{Wilson:2013,
	Author = {Wilson, Andrew Gordon and Adams, Ryan Prescott},
	Booktitle = {ICML (3)},
	Date-Added = {2017-03-25 22:57:10 +0000},
	Date-Modified = {2017-03-25 22:57:18 +0000},
	Pages = {1067--1075},
	Title = {Gaussian Process Kernels for Pattern Discovery and Extrapolation.},
	Year = {2013}}

@article{Wang:2012,
	Adsnote = {Provided by the SAO/NASA Astrophysics Data System},
	Adsurl = {http://adsabs.harvard.edu/abs/2012ApJ...756...67W},
	Archiveprefix = {arXiv},
	Author = {{Wang}, Y. and {Khardon}, R. and {Protopapas}, P.},
	Date-Added = {2017-03-25 22:16:37 +0000},
	Date-Modified = {2017-03-25 22:16:38 +0000},
	Doi = {10.1088/0004-637X/756/1/67},
	Eid = {67},
	Eprint = {1111.1315},
	Journal = {\apj},
	Keywords = {methods: data analysis, methods: statistical, stars: variables: general},
	Month = sep,
	Pages = {67},
	Primaryclass = {cs.LG},
	Title = {{Nonparametric Bayesian Estimation of Periodic Light Curves}},
	Volume = 756,
	Year = 2012,
	Bdsk-Url-1 = {http://dx.doi.org/10.1088/0004-637X/756/1/67}}

@article{Wandelt:2003,
	Adsnote = {Provided by the SAO/NASA Astrophysics Data System},
	Adsurl = {http://adsabs.harvard.edu/abs/2003PhRvD..67b3001W},
	Author = {{Wandelt}, B.~D. and {Hansen}, F.~K.},
	Date-Added = {2017-03-22 21:13:36 +0000},
	Date-Modified = {2017-03-22 21:13:37 +0000},
	Doi = {10.1103/PhysRevD.67.023001},
	Eid = {023001},
	Eprint = {astro-ph/0106515},
	Journal = {\prd},
	Keywords = {Background radiations},
	Month = jan,
	Number = 2,
	Pages = {023001},
	Title = {{Fast, exact CMB power spectrum estimation for a certain class of observational strategies}},
	Volume = 67,
	Year = 2003,
	Bdsk-Url-1 = {http://dx.doi.org/10.1103/PhysRevD.67.023001}}

@article{Pope:2016,
	Adsnote = {Provided by the SAO/NASA Astrophysics Data System},
	Adsurl = {http://adsabs.harvard.edu/abs/2016MNRAS.461.3399P},
	Archiveprefix = {arXiv},
	Author = {{Pope}, B.~J.~S. and {Parviainen}, H. and {Aigrain}, S.},
	Date-Added = {2017-03-22 20:39:24 +0000},
	Date-Modified = {2017-03-22 20:39:25 +0000},
	Doi = {10.1093/mnras/stw1373},
	Eprint = {1606.01264},
	Journal = {\mnras},
	Keywords = {techniques: photometric, planetary systems, stars: variables: general},
	Month = oct,
	Pages = {3399-3409},
	Primaryclass = {astro-ph.EP},
	Title = {{Transiting exoplanet candidates from K2 Campaigns 5 and 6}},
	Volume = 461,
	Year = 2016,
	Bdsk-Url-1 = {http://dx.doi.org/10.1093/mnras/stw1373}}

@article{Foreman-Mackey:2016b,
	Adsnote = {Provided by the SAO/NASA Astrophysics Data System},
	Adsurl = {http://adsabs.harvard.edu/abs/2016AJ....152..206F},
	Archiveprefix = {arXiv},
	Author = {{Foreman-Mackey}, D. and {Morton}, T.~D. and {Hogg}, D.~W. and {Agol}, E. and {Sch{\"o}lkopf}, B.},
	Date-Added = {2017-03-22 20:32:36 +0000},
	Date-Modified = {2017-03-22 20:32:36 +0000},
	Doi = {10.3847/0004-6256/152/6/206},
	Eid = {206},
	Eprint = {1607.08237},
	Journal = {\aj},
	Keywords = {catalogs, methods: data analysis, methods: statistical, planetary systems, stars: statistics},
	Month = dec,
	Pages = {206},
	Primaryclass = {astro-ph.EP},
	Title = {{The Population of Long-period Transiting Exoplanets}},
	Volume = 152,
	Year = 2016,
	Bdsk-Url-1 = {http://dx.doi.org/10.3847/0004-6256/152/6/206}}

@misc{Foreman-Mackey:2014,
	Author = {Dan Foreman-Mackey and Stephan Hoyer and Jonah Bernhard and Ruth Angus},
	Date-Added = {2017-03-21 20:06:04 +0000},
	Date-Modified = {2017-03-21 20:06:04 +0000},
	Doi = {10.5281/zenodo.11989},
	Month = oct,
	Title = {george: George (v0.2.0)},
	Url = {https://doi.org/10.5281/zenodo.11989},
	Year = 2014,
	Bdsk-Url-1 = {https://doi.org/10.5281/zenodo.11989},
	Bdsk-Url-2 = {http://dx.doi.org/10.5281/zenodo.11989}}

@phdthesis{Wilson:2014,
	Author = {Wilson, Andrew Gordon},
	Date-Added = {2017-03-17 20:05:00 +0000},
	Date-Modified = {2017-03-17 20:05:00 +0000},
	School = {University of Cambridge},
	Title = {Covariance kernels for fast automatic pattern discovery and extrapolation with Gaussian processes},
	Year = {2014}}

@article{Quinonero-Candela:2007,
	Author = {Quinonero-Candela, Joaquin and Rasmussen, Carl Edward and Williams, Christopher KI},
	Date-Added = {2017-03-17 19:57:01 +0000},
	Date-Modified = {2017-03-17 19:57:01 +0000},
	Journal = {Large-scale kernel machines},
	Pages = {203--224},
	Publisher = {Cambridge, MA: MIT Press},
	Title = {Approximation methods for gaussian process regression},
	Year = {2007}}

@article{Wilson:2015a,
	Author = {Wilson, Andrew Gordon and Dann, Christoph and Nickisch, Hannes},
	Date-Added = {2017-03-17 19:35:43 +0000},
	Date-Modified = {2017-03-17 19:35:44 +0000},
	Journal = {arXiv preprint arXiv:1511.01870},
	Note = {\url{http://arxiv.org/abs/1511.01870}},
	Title = {Thoughts on Massively Scalable {G}aussian Processes},
	Year = {2015}}

@book{Nocedal:2006,
	Adsurl = {http://www.gaussianprocess.org/gpml/},
	Author = {{Nocedal}, J. and {Wright}, S.~J.},
	Booktitle = {Cambridge: MIT Press},
	Date-Added = {2017-03-17 18:30:15 +0000},
	Date-Modified = {2017-03-17 18:32:11 +0000},
	Publisher = {Springer},
	Title = {{Numerical Optimization}},
	Year = 2006}

@article{Grunblatt:2016,
	Adsnote = {Provided by the SAO/NASA Astrophysics Data System},
	Adsurl = {http://adsabs.harvard.edu/abs/2016AJ....152..185G},
	Archiveprefix = {arXiv},
	Author = {{Grunblatt}, S.~K. and {Huber}, D. and {Gaidos}, E.~J. and {Lopez}, E.~D. and {Fulton}, B.~J. and {Vanderburg}, A. and {Barclay}, T. and {Fortney}, J.~J. and {Howard}, A.~W. and {Isaacson}, H.~T. and {Mann}, A.~W. and {Petigura}, E. and {Silva Aguirre}, V. and {Sinukoff}, E.~J.},
	Date-Added = {2017-03-15 17:37:28 +0000},
	Date-Modified = {2017-03-15 17:37:29 +0000},
	Doi = {10.3847/0004-6256/152/6/185},
	Eid = {185},
	Eprint = {1606.05818},
	Journal = {\aj},
	Keywords = {asteroseismology, planets and satellites: detection, planets and satellites: gaseous planets, planets and satellites: physical evolution, planet{\ndash}star interactions},
	Month = dec,
	Pages = {185},
	Primaryclass = {astro-ph.EP},
	Title = {{K2-97b: A (Re-?)Inflated Planet Orbiting a Red Giant Star}},
	Volume = 152,
	Year = 2016,
	Bdsk-Url-1 = {http://dx.doi.org/10.3847/0004-6256/152/6/185}}

@article{Barclay:2015,
	Adsnote = {Provided by the SAO/NASA Astrophysics Data System},
	Adsurl = {http://adsabs.harvard.edu/abs/2015ApJ...800...46B},
	Archiveprefix = {arXiv},
	Author = {{Barclay}, T. and {Endl}, M. and {Huber}, D. and {Foreman-Mackey}, D. and {Cochran}, W.~D. and {MacQueen}, P.~J. and {Rowe}, J.~F. and {Quintana}, E.~V.},
	Date-Added = {2017-03-15 17:34:55 +0000},
	Date-Modified = {2017-03-15 17:34:56 +0000},
	Doi = {10.1088/0004-637X/800/1/46},
	Eid = {46},
	Eprint = {1408.3149},
	Journal = {\apj},
	Keywords = {methods: data analysis, methods: statistical, planetary systems, stars: individual: Kepler-91 KIC 8219268 KOI-2133, techniques: photometric, techniques: radial velocities},
	Month = feb,
	Pages = {46},
	Primaryclass = {astro-ph.EP},
	Title = {{Radial Velocity Observations and Light Curve Noise Modeling Confirm that Kepler-91b is a Giant Planet Orbiting a Giant Star}},
	Volume = 800,
	Year = 2015,
	Bdsk-Url-1 = {http://dx.doi.org/10.1088/0004-637X/800/1/46}}

@article{Luger:2016,
	Adsnote = {Provided by the SAO/NASA Astrophysics Data System},
	Adsurl = {http://adsabs.harvard.edu/abs/2016AJ....152..100L},
	Archiveprefix = {arXiv},
	Author = {{Luger}, R. and {Agol}, E. and {Kruse}, E. and {Barnes}, R. and {Becker}, A. and {Foreman-Mackey}, D. and {Deming}, D.},
	Date-Added = {2017-03-15 17:33:49 +0000},
	Date-Modified = {2017-03-15 17:33:50 +0000},
	Doi = {10.3847/0004-6256/152/4/100},
	Eid = {100},
	Eprint = {1607.00524},
	Journal = {\aj},
	Keywords = {catalogs, planets and satellites: detection, techniques: photometric},
	Month = oct,
	Pages = {100},
	Primaryclass = {astro-ph.EP},
	Title = {{EVEREST: Pixel Level Decorrelation of K2 Light Curves}},
	Volume = 152,
	Year = 2016,
	Bdsk-Url-1 = {http://dx.doi.org/10.3847/0004-6256/152/4/100}}

@article{Foreman-Mackey:2013,
	Adsnote = {Provided by the SAO/NASA Astrophysics Data System},
	Adsurl = {http://adsabs.harvard.edu/abs/2013PASP..125..306F},
	Archiveprefix = {arXiv},
	Author = {{Foreman-Mackey}, D. and {Hogg}, D.~W. and {Lang}, D. and {Goodman}, J.},
	Date-Added = {2017-02-16 21:09:27 +0000},
	Date-Modified = {2017-02-16 21:09:27 +0000},
	Doi = {10.1086/670067},
	Eprint = {1202.3665},
	Journal = {\pasp},
	Keywords = {Data Analysis and Techniques},
	Month = mar,
	Pages = {306-312},
	Primaryclass = {astro-ph.IM},
	Title = {{emcee: The MCMC Hammer}},
	Volume = 125,
	Year = 2013,
	Bdsk-Url-1 = {http://dx.doi.org/10.1086/670067}}

@misc{Jones:2001,
	Author = {Eric Jones and Travis Oliphant and Pearu Peterson and others},
	Date-Added = {2017-02-16 21:08:01 +0000},
	Date-Modified = {2017-02-16 21:08:01 +0000},
	Title = {{SciPy}: Open source scientific tools for {Python}},
	Url = {http://www.scipy.org/},
	Year = {2001},
	Bdsk-Url-1 = {http://www.scipy.org/}}

@article{Van-Der-Walt:2011,
	Author = {Van Der Walt, Stefan and Colbert, S Chris and Varoquaux, Gael},
	Date-Added = {2017-02-16 21:07:38 +0000},
	Date-Modified = {2017-02-16 21:07:38 +0000},
	Journal = {Computing in Science \& Engineering},
	Number = {2},
	Pages = {22--30},
	Publisher = {AIP Publishing},
	Title = {The NumPy array: a structure for efficient numerical computation},
	Volume = {13},
	Year = {2011}}

@article{Hunter:2007,
	Author = {Hunter, John D and others},
	Date-Added = {2017-02-16 21:07:32 +0000},
	Date-Modified = {2017-02-16 21:07:32 +0000},
	Journal = {Computing in science and engineering},
	Number = {3},
	Pages = {90--95},
	Title = {Matplotlib: A 2D graphics environment},
	Volume = {9},
	Year = {2007}}

@article{Foreman-Mackey:2016,
	Author = {Daniel Foreman-Mackey},
	Date-Added = {2017-02-16 21:06:46 +0000},
	Date-Modified = {2017-02-16 21:06:46 +0000},
	Doi = {10.21105/joss.00024},
	Journal = {The Journal of Open Source Software},
	Title = {corner.py: Scatterplot matrices in Python},
	Url = {http://dx.doi.org/10.5281/zenodo.45906},
	Volume = 24,
	Year = 2016,
	Bdsk-Url-1 = {http://dx.doi.org/10.5281/zenodo.45906},
	Bdsk-Url-2 = {http://dx.doi.org/10.21105/joss.00024}}

@misc{Guennebaud:2010,
	Author = {Ga\"{e}l Guennebaud and Beno\^{i}t Jacob and others},
	Date-Added = {2017-02-16 20:38:38 +0000},
	Date-Modified = {2017-02-16 20:38:40 +0000},
	Howpublished = {http://eigen.tuxfamily.org},
	Title = {Eigen v3},
	Year = {2010}}

@book{Press:2007,
	Author = {Press, William H and Teukolsky, Saul A and Vetterling, William T and Flannery, Brian P},
	Date-Added = {2017-02-16 20:33:22 +0000},
	Date-Modified = {2017-03-17 18:34:10 +0000},
	Publisher = {Cambridge University Press},
	Title = {Numerical Recipes 3rd Edition: The Art of Scientific Computing},
	Year = {2007}}

@book{Anderson:1999,
	Address = {Philadelphia, PA},
	Author = {Anderson, E. and Bai, Z. and Bischof, C. and Blackford, S. and Demmel, J. and Dongarra, J. and Du Croz, J. and Greenbaum, A. and Hammarling, S. and McKenney, A. and Sorensen, D.},
	Date-Added = {2017-02-15 21:17:50 +0000},
	Date-Modified = {2017-02-15 21:17:52 +0000},
	Edition = {Third},
	Isbn = {0-89871-447-8 (paperback)},
	Publisher = {Society for Industrial and Applied Mathematics},
	Title = {{LAPACK} Users' Guide},
	Year = {1999}}

@article{Pinsonneault:2014,
	Adsnote = {Provided by the SAO/NASA Astrophysics Data System},
	Adsurl = {http://adsabs.harvard.edu/abs/2014ApJS..215...19P},
	Archiveprefix = {arXiv},
	Author = {{Pinsonneault}, M.~H. and {Elsworth}, Y. and {Epstein}, C. and {Hekker}, S. and {M{\'e}sz{\'a}ros}, S. and {Chaplin}, W.~J. and {Johnson}, J.~A. and {Garc{\'{\i}}a}, R.~A. and {Holtzman}, J. and {Mathur}, S. and {Garc{\'{\i}}a P{\'e}rez}, A. and {Silva Aguirre}, V. and {Girardi}, L. and {Basu}, S. and {Shetrone}, M. and {Stello}, D. and {Allende Prieto}, C. and {An}, D. and {Beck}, P. and {Beers}, T.~C. and {Bizyaev}, D. and {Bloemen}, S. and {Bovy}, J. and {Cunha}, K. and {De Ridder}, J. and {Frinchaboy}, P.~M. and {Garc{\'{\i}}a-Hern{\'a}ndez}, D.~A. and {Gilliland}, R. and {Harding}, P. and {Hearty}, F.~R. and {Huber}, D. and {Ivans}, I. and {Kallinger}, T. and {Majewski}, S.~R. and {Metcalfe}, T.~S. and {Miglio}, A. and {Mosser}, B. and {Muna}, D. and {Nidever}, D.~L. and {Schneider}, D.~P. and {Serenelli}, A. and {Smith}, V.~V. and {Tayar}, J. and {Zamora}, O. and {Zasowski}, G.},
	Date-Added = {2017-01-12 03:30:33 +0000},
	Date-Modified = {2017-01-12 03:30:35 +0000},
	Doi = {10.1088/0067-0049/215/2/19},
	Eid = {19},
	Eprint = {1410.2503},
	Journal = {\apjs},
	Keywords = {catalogs, stars: abundances, stars: fundamental parameters, stars: oscillations: including pulsations, surveys},
	Month = dec,
	Pages = {19},
	Primaryclass = {astro-ph.SR},
	Title = {{The APOKASC Catalog: An Asteroseismic and Spectroscopic Joint Survey of Targets in the Kepler Fields}},
	Volume = 215,
	Year = 2014,
	Bdsk-Url-1 = {http://dx.doi.org/10.1088/0067-0049/215/2/19}}

@article{Wilson:2015,
	Author = {{Wilson}, A.~G. and {Nicisch}, H.},
	Date-Modified = {2017-03-17 19:36:02 +0000},
	Journal = {Proceedings of the 32nd International Conference on Machine Learning},
	Pages = {1775-1784},
	Title = {{Kernel Interpolation for Scalable Structured Gaussian Processes (KISS-GP)}},
	Year = 2015}

@article{Gibson:2012,
	Adsnote = {Provided by the SAO/NASA Astrophysics Data System},
	Adsurl = {http://adsabs.harvard.edu/abs/2012MNRAS.419.2683G},
	Archiveprefix = {arXiv},
	Author = {{Gibson}, N.~P. and {Aigrain}, S. and {Roberts}, S. and {Evans}, T.~M. and {Osborne}, M. and {Pont}, F.},
	Date-Modified = {2017-01-12 03:33:45 +0000},
	Doi = {10.1111/j.1365-2966.2011.19915.x},
	Eprint = {1109.3251},
	Journal = {\mnras},
	Keywords = {methods: data analysis, techniques: spectroscopic, stars: individual: HD 189733, planetary systems},
	Month = jan,
	Pages = {2683-2694},
	Primaryclass = {astro-ph.EP},
	Title = {{A Gaussian process framework for modelling instrumental systematics: application to transmission spectroscopy}},
	Volume = 419,
	Year = 2012,
	Bdsk-Url-1 = {http://dx.doi.org/10.1111/j.1365-2966.2011.19915.x}}

@book{Rasmussen:2006,
	Adsurl = {http://www.gaussianprocess.org/gpml/},
	Author = {{Rasmussen}, C.~E. and {Williams}, K.~I.},
	Booktitle = {Cambridge: MIT Press},
	Date-Modified = {2016-11-08 23:48:51 +0000},
	Publisher = {{MIT Press}},
	Title = {{Gaussian Processes for Machine Learning}},
	Year = 2006}

@book{Press:1992,
	Adsnote = {Provided by the SAO/NASA Astrophysics Data System},
	Adsurl = {http://adsabs.harvard.edu/abs/1992nrfa.book.....P},
	Author = {{Press}, W.~H. and {Teukolsky}, S.~A. and {Vetterling}, W.~T. and {Flannery}, B.~P.},
	Booktitle = {Cambridge: University Press, |c1992, 2nd ed.},
	Date-Modified = {2017-01-12 03:35:05 +0000},
	Publisher = {{Cambridge University Press}},
	Title = {{Numerical recipes in FORTRAN. The art of scientific computing}},
	Year = 1992}

@article{Rybicki:1995,
	Adsnote = {Provided by the SAO/NASA Astrophysics Data System},
	Adsurl = {http://adsabs.harvard.edu/abs/1995PhRvL..74.1060R},
	Author = {{Rybicki}, G.~B. and {Press}, W.~H.},
	Date-Modified = {2016-11-08 23:49:09 +0000},
	Doi = {10.1103/PhysRevLett.74.1060},
	Journal = {Physical Review Letters},
	Month = feb,
	Pages = {1060-1063},
	Title = {{Class of Fast Methods for Processing Irregularly Sampled or Otherwise InhomogeneousOne-Dimensional Data}},
	Volume = 74,
	Year = 1995,
	Bdsk-Url-1 = {http://dx.doi.org/10.1103/PhysRevLett.74.1060}}

@article{Ambikasaran:2015,
	Author = {Sivaram Ambikasaran},
	Date-Modified = {2016-11-08 23:48:27 +0000},
	Doi = {10.1002/nla.2003},
	Journal = {Numer. Linear Algebra Appl.},
	Month = {jun},
	Number = {6},
	Pages = {1102--1114},
	Publisher = {Wiley-Blackwell},
	Title = {Generalized Rybicki Press algorithm},
	Url = {http://dx.doi.org/10.1002/nla.2003},
	Volume = {22},
	Year = {2015},
	Bdsk-Url-1 = {http://dx.doi.org/10.1002/nla.2003}}

@article{Ambikasaran:2013,
	Author = {Sivaram Ambikasaran and Eric Darve},
	Date-Modified = {2017-01-12 03:33:07 +0000},
	Doi = {10.1007/s10915-013-9714-z},
	Journal = {J Sci Comput},
	Month = {apr},
	Number = {3},
	Pages = {477--501},
	Publisher = {Springer Science $\mathplus$ Business Media},
	Title = {An {\textdollar}{\textdollar}{\textbackslash}mathcal O (N {\textbackslash}log N){\textdollar}{\textdollar} O ( N log N ) ~ Fast Direct Solver for Partial Hierarchically Semi-Separable Matrices},
	Url = {http://dx.doi.org/10.1007/s10915-013-9714-z},
	Volume = {57},
	Year = {2013},
	Bdsk-Url-1 = {http://dx.doi.org/10.1007/s10915-013-9714-z}}

@article{Ambikasaran:2016,
	Author = {Sivaram Ambikasaran and Daniel Foreman-Mackey and Leslie Greengard and David W. Hogg and Michael O'Neil},
	Date-Modified = {2017-01-12 03:33:09 +0000},
	Doi = {10.1109/tpami.2015.2448083},
	Journal = {{IEEE} Transactions on Pattern Analysis and Machine Intelligence},
	Month = {feb},
	Number = {2},
	Pages = {252--265},
	Publisher = {Institute of Electrical {\&} Electronics Engineers ({IEEE})},
	Title = {Fast Direct Methods for Gaussian Processes},
	Url = {http://dx.doi.org/10.1109/TPAMI.2015.2448083},
	Volume = {38},
	Year = {2016},
	Bdsk-Url-1 = {http://dx.doi.org/10.1109/TPAMI.2015.2448083},
	Bdsk-Url-2 = {http://dx.doi.org/10.1109/tpami.2015.2448083}}

@article{Kelly:2014,
	Author = {Brandon C. Kelly and Andrew C. Becker and Malgosia Sobolewska and Aneta Siemiginowska and Phil Uttley},
	Date-Modified = {2017-01-12 03:32:42 +0000},
	Doi = {10.1088/0004-637x/788/1/33},
	Journal = {{ApJ}},
	Month = {may},
	Number = {1},
	Pages = {33},
	Publisher = {{IOP} Publishing},
	Title = {{FLEXIBLE} {AND} {SCALABLE} {METHODS} {FOR} {QUANTIFYING} {STOCHASTIC} {VARIABILITY} {IN} {THE} {ERA} {OF} {MASSIVE} {TIME}-{DOMAIN} {ASTRONOMICAL} {DATA} {SETS}},
	Url = {http://dx.doi.org/10.1088/0004-637X/788/1/33},
	Volume = {788},
	Year = {2014},
	Bdsk-Url-1 = {http://dx.doi.org/10.1088/0004-637X/788/1/33},
	Bdsk-Url-2 = {http://dx.doi.org/10.1088/0004-637x/788/1/33}}

@article{Aigrain:2004,
	Adsnote = {Provided by the SAO/NASA Astrophysics Data System},
	Adsurl = {http://adsabs.harvard.edu/abs/2004A%26A...414.1139A},
	Author = {{Aigrain}, S. and {Favata}, F. and {Gilmore}, G.},
	Date-Modified = {2017-01-12 03:39:32 +0000},
	Doi = {10.1051/0004-6361:20034039},
	Eprint = {astro-ph/0310381},
	Journal = {\aap},
	Keywords = {Sun: activity, stars: activity, stars: planetary systems, techniques: photometric},
	Month = feb,
	Pages = {1139-1152},
	Title = {{Characterising stellar micro-variability for planetary transit searches}},
	Volume = 414,
	Year = 2004,
	Bdsk-Url-1 = {http://dx.doi.org/10.1051/0004-6361:20034039}}

@article{Moore:2016,
	Author = {Christopher J. Moore and Christopher P. L. Berry and Alvin J. K. Chua and Jonathan R. Gair},
	Date-Modified = {2017-01-12 03:34:46 +0000},
	Doi = {10.1103/physrevd.93.064001},
	Journal = {Physical Review D},
	Month = {mar},
	Number = {6},
	Publisher = {American Physical Society ({APS})},
	Title = {Improving gravitational-wave parameter estimation using Gaussian process regression},
	Url = {http://dx.doi.org/10.1103/PhysRevD.93.064001},
	Volume = {93},
	Year = {2016},
	Bdsk-Url-1 = {http://dx.doi.org/10.1103/PhysRevD.93.064001},
	Bdsk-Url-2 = {http://dx.doi.org/10.1103/physrevd.93.064001}}

@article{Press:1998,
	Adsnote = {Provided by the SAO/NASA Astrophysics Data System},
	Adsurl = {http://adsabs.harvard.edu/abs/1998ApJ...507..108P},
	Author = {{Press}, W.~H. and {Rybicki}, G.~B.},
	Date-Modified = {2017-01-12 03:37:24 +0000},
	Doi = {10.1086/306322},
	Eprint = {astro-ph/9803193},
	Journal = {\apj},
	Keywords = {COSMOLOGY: GRAVITATIONAL LENSING, GALAXIES: QUASARS: INDIVIDUAL: ALPHANUMERIC: 0957+561, Cosmology: Gravitational Lensing, Galaxies: Quasars: Individual: Alphanumeric: 0957+561},
	Month = nov,
	Pages = {108-112},
	Title = {{Magnification Ratio of the Fluctuating Light in Gravitational Lens 0957+561}},
	Volume = 507,
	Year = 1998,
	Bdsk-Url-1 = {http://dx.doi.org/10.1086/306322}}

@article{MacLeod:2010,
	Adsnote = {Provided by the SAO/NASA Astrophysics Data System},
	Adsurl = {http://adsabs.harvard.edu/abs/2010ApJ...721.1014M},
	Archiveprefix = {arXiv},
	Author = {{MacLeod}, C.~L. and {Ivezi{\'c}}, {\v Z}. and {Kochanek}, C.~S. and {Koz{\l}owski}, S. and {Kelly}, B. and {Bullock}, E. and {Kimball}, A. and {Sesar}, B. and {Westman}, D. and {Brooks}, K. and {Gibson}, R. and {Becker}, A.~C. and {de Vries}, W.~H.},
	Date-Modified = {2017-01-12 03:37:41 +0000},
	Doi = {10.1088/0004-637X/721/2/1014},
	Eprint = {1004.0276},
	Journal = {\apj},
	Keywords = {quasars: general},
	Month = oct,
	Pages = {1014-1033},
	Primaryclass = {astro-ph.CO},
	Title = {{Modeling the Time Variability of SDSS Stripe 82 Quasars as a Damped Random Walk}},
	Volume = 721,
	Year = 2010,
	Bdsk-Url-1 = {http://dx.doi.org/10.1088/0004-637X/721/2/1014}}

@article{Rajpaul:2015,
	Author = {V. Rajpaul and S. Aigrain and M. A. Osborne and S. Reece and S. Roberts},
	Doi = {10.1093/mnras/stv1428},
	Journal = {Monthly Notices of the Royal Astronomical Society},
	Month = {jul},
	Number = {3},
	Pages = {2269--2291},
	Publisher = {Oxford University Press ({OUP})},
	Title = {A Gaussian process framework for modelling stellar activity signals in radial velocity data},
	Url = {https://doi.org/10.1093%2Fmnras%2Fstv1428},
	Volume = {452},
	Year = {2015},
	Bdsk-Url-1 = {https://doi.org/10.1093%2Fmnras%2Fstv1428},
	Bdsk-Url-2 = {http://dx.doi.org/10.1093/mnras/stv1428}}

@article{McAllister:2016,
	Author = {M. J. McAllister and S. P. Littlefair and V. S. Dhillon and T. R. Marsh and R. P. Ashley and M. C. P. Bours and E. Breedt and L. K. Hardy and J. J. Hermes and S. Kengkriangkrai and P. Kerry and S. Rattanasoon and D. I. Sahman},
	Doi = {10.1093/mnras/stw2417},
	Journal = {Monthly Notices of the Royal Astronomical Society},
	Month = {sep},
	Number = {2},
	Pages = {1353--1364},
	Publisher = {Oxford University Press ({OUP})},
	Title = {Using Gaussian processes to model light curves in the presence of flickering: the eclipsing cataclysmic variable {ASASSN}-14ag},
	Url = {https://doi.org/10.1093%2Fmnras%2Fstw2417},
	Volume = {464},
	Year = {2016},
	Bdsk-Url-1 = {https://doi.org/10.1093%2Fmnras%2Fstw2417},
	Bdsk-Url-2 = {http://dx.doi.org/10.1093/mnras/stw2417}}

@article{Aigrain:2016,
	Author = {S. Aigrain and H. Parviainen and B. J. S. Pope},
	Doi = {10.1093/mnras/stw706},
	Journal = {Monthly Notices of the Royal Astronomical Society},
	Month = {apr},
	Pages = {706},
	Publisher = {Oxford University Press ({OUP})},
	Title = {K2SC: Flexible systematics correction and detrending {ofK}2light curves using Gaussian Process regression},
	Url = {https://doi.org/10.1093%2Fmnras%2Fstw706},
	Year = {2016},
	Bdsk-Url-1 = {https://doi.org/10.1093%2Fmnras%2Fstw706},
	Bdsk-Url-2 = {http://dx.doi.org/10.1093/mnras/stw706}}

@article{Zinn:2016,
	Adsnote = {Provided by the SAO/NASA Astrophysics Data System},
	Adsurl = {http://adsabs.harvard.edu/abs/2016arXiv161204834Z},
	Archiveprefix = {arXiv},
	Author = {{Zinn}, J.~C. and {Kochanek}, C.~S. and {Koz{\l}owski}, S. and {Udalski}, A. and {Szyma{\'n}ski}, M.~K. and {Soszy{\'n}ski}, I. and {Wyrzykowski}, {\L}. and {Ulaczyk}, K. and {Poleski}, R. and {Pietrukowicz}, P. and {Skowron}, J. and {Mr{\'o}z}, P. and {Pawlak}, M.},
	Eprint = {1612.04834},
	Journal = {ArXiv e-prints},
	Keywords = {Astrophysics - Instrumentation and Methods for Astrophysics},
	Month = dec,
	Primaryclass = {astro-ph.IM},
	Title = {{Variable classification in the LSST era: Exploring a model for quasi-periodic light curves}},
	Year = 2016}

@article{Brewer:2009,
	Author = {B. J. Brewer and D. Stello},
	Doi = {10.1111/j.1365-2966.2009.14679.x},
	Journal = {Monthly Notices of the Royal Astronomical Society},
	Month = {jun},
	Number = {4},
	Pages = {2226--2233},
	Publisher = {Oxford University Press ({OUP})},
	Title = {Gaussian process modelling of asteroseismic data},
	Url = {https://doi.org/10.1111%2Fj.1365-2966.2009.14679.x},
	Volume = {395},
	Year = {2009},
	Bdsk-Url-1 = {https://doi.org/10.1111%2Fj.1365-2966.2009.14679.x},
	Bdsk-Url-2 = {http://dx.doi.org/10.1111/j.1365-2966.2009.14679.x}}

@article{Bond:1999,
	Adsnote = {Provided by the SAO/NASA Astrophysics Data System},
	Adsurl = {http://adsabs.harvard.edu/abs/1999CoScE...1...21B},
	Author = {{Bond}, J.~R. and {Crittenden}, R.~G. and {Jaffe}, A.~H. and {Knox}, L.},
	Eprint = {astro-ph/9903166},
	Journal = {Comput.~Sci.~Eng., Vol.~1, No.~2, p.~21 - 35},
	Keywords = {Cosmic Microwave Background: Computing},
	Month = apr,
	Pages = {21-35},
	Title = {{Computing challenges of the cosmic microwave background.}},
	Volume = 1,
	Year = 1999}

@article{Bond:1987,
	Author = {J. R. Bond and G. Efstathiou},
	Doi = {10.1093/mnras/226.3.655},
	Journal = {Monthly Notices of the Royal Astronomical Society},
	Month = {jun},
	Number = {3},
	Pages = {655--687},
	Publisher = {Oxford University Press ({OUP})},
	Title = {The statistics of cosmic background radiation fluctuations},
	Url = {https://doi.org/10.1093%2Fmnras%2F226.3.655},
	Volume = {226},
	Year = {1987},
	Bdsk-Url-1 = {https://doi.org/10.1093%2Fmnras%2F226.3.655},
	Bdsk-Url-2 = {http://dx.doi.org/10.1093/mnras/226.3.655}}

@article{Evans:2015,
	Author = {T. M. Evans and S. Aigrain and N. Gibson and J. K. Barstow and D. S. Amundsen and P. Tremblin and P. Mourier},
	Doi = {10.1093/mnras/stv910},
	Journal = {Monthly Notices of the Royal Astronomical Society},
	Month = {jun},
	Number = {1},
	Pages = {680--694},
	Publisher = {Oxford University Press ({OUP})},
	Title = {A uniform analysis of {HD} 209458b Spitzer/{IRAC} light curves with Gaussian process models},
	Url = {https://doi.org/10.1093%2Fmnras%2Fstv910},
	Volume = {451},
	Year = {2015},
	Bdsk-Url-1 = {https://doi.org/10.1093%2Fmnras%2Fstv910},
	Bdsk-Url-2 = {http://dx.doi.org/10.1093/mnras/stv910}}

@article{Rauer:2014,
	Author = {H. Rauer and C. Catala and C. Aerts and T. Appourchaux and W. Benz and A. Brandeker and J. Christensen-Dalsgaard and M. Deleuil and L. Gizon and M.-J. Goupil and M. G\"{u}del and E. Janot-Pacheco and M. Mas-Hesse and I. Pagano and G. Piotto and D. Pollacco and {\.{C}}. Santos and A. Smith and J.-C. Su{\'{a}}rez and R. Szab{\'{o}} and S. Udry and V. Adibekyan and Y. Alibert and J.-M. Almenara and P. Amaro-Seoane and M. Ammler-von Eiff and M. Asplund and E. Antonello and S. Barnes and F. Baudin and K. Belkacem and M. Bergemann and G. Bihain and A. C. Birch and X. Bonfils and I. Boisse and A. S. Bonomo and F. Borsa and I. M. Brand{\~{a}}o and E. Brocato and S. Brun and M. Burleigh and R. Burston and J. Cabrera and S. Cassisi and W. Chaplin and S. Charpinet and C. Chiappini and R. P. Church and Sz. Csizmadia and M. Cunha and M. Damasso and M. B. Davies and H. J. Deeg and R. F. D{\'{\i}}az and S. Dreizler and C. Dreyer and P. Eggenberger and D. Ehrenreich and P. Eigm\"{u}ller and A. Erikson and R. Farmer and S. Feltzing and F. de Oliveira Fialho and P. Figueira and T. Forveille and M. Fridlund and R. A. Garc{\'{\i}}a and P. Giommi and G. Giuffrida and M. Godolt and J. Gomes da Silva and T. Granzer and J. L. Grenfell and A. Grotsch-Noels and E. G\"{u}nther and C. A. Haswell and A. P. Hatzes and G. H{\'{e}}brard and S. Hekker and R. Helled and K. Heng and J. M. Jenkins and A. Johansen and M. L. Khodachenko and K. G. Kislyakova and W. Kley and U. Kolb and N. Krivova and F. Kupka and H. Lammer and A. F. Lanza and Y. Lebreton and D. Magrin and P. Marcos-Arenal and P. M. Marrese and J. P. Marques and J. Martins and S. Mathis and S. Mathur and S. Messina and A. Miglio and J. Montalban and M. Montalto and M. J. P. F. G. Monteiro and H. Moradi and E. Moravveji and C. Mordasini and T. Morel and A. Mortier and V. Nascimbeni and R. P. Nelson and M. B. Nielsen and L. Noack and A. J. Norton and A. Ofir and M. Oshagh and R.-M. Ouazzani and P. P{\'{a}}pics and V. C. Parro and P. Petit and B. Plez and E. Poretti and A. Quirrenbach and R. Ragazzoni and G. Raimondo and M. Rainer and D. R. Reese and R. Redmer and S. Reffert and B. Rojas-Ayala and I. W. Roxburgh and S. Salmon and A. Santerne and J. Schneider and J. Schou and S. Schuh and H. Schunker and A. Silva-Valio and R. Silvotti and I. Skillen and I. Snellen and F. Sohl and S. G. Sousa and A. Sozzetti and D. Stello and K. G. Strassmeier and M. {\v{S}}vanda and Gy. M. Szab{\'{o}} and A. Tkachenko and D. Valencia and V. Van Grootel and S. D. Vauclair and P. Ventura and F. W. Wagner and N. A. Walton and J. Weingrill and S. C. Werner and P. J. Wheatley and K. Zwintz},
	Doi = {10.1007/s10686-014-9383-4},
	Journal = {Experimental Astronomy},
	Month = {sep},
	Number = {1-2},
	Pages = {249--330},
	Publisher = {Springer Nature},
	Title = {The {PLATO} 2.0 mission},
	Url = {https://doi.org/10.1007%2Fs10686-014-9383-4},
	Volume = {38},
	Year = {2014},
	Bdsk-Url-1 = {https://doi.org/10.1007%2Fs10686-014-9383-4},
	Bdsk-Url-2 = {http://dx.doi.org/10.1007/s10686-014-9383-4}}

@inproceedings{Ricker:2014,
	Author = {George R. Ricker and Joshua N. Winn and Roland Vanderspek and David W. Latham and G{\'{a}}sp{\'{a}}r {\'{A}}. Bakos and Jacob L. Bean and Zachory K. Berta-Thompson and Timothy M. Brown and Lars Buchhave and Nathaniel R. Butler and R. Paul Butler and William J. Chaplin and David Charbonneau and J{\o}rgen Christensen-Dalsgaard and Mark Clampin and Drake Deming and John Doty and Nathan De Lee and Courtney Dressing and E. W. Dunham and Michael Endl and Francois Fressin and Jian Ge and Thomas Henning and Matthew J. Holman and Andrew W. Howard and Shigeru Ida and Jon Jenkins and Garrett Jernigan and John A. Johnson and Lisa Kaltenegger and Nobuyuki Kawai and Hans Kjeldsen and Gregory Laughlin and Alan M. Levine and Douglas Lin and Jack J. Lissauer and Phillip MacQueen and Geoffrey Marcy and P. R. McCullough and Timothy D. Morton and Norio Narita and Martin Paegert and Enric Palle and Francesco Pepe and Joshua Pepper and Andreas Quirrenbach and S. A. Rinehart and Dimitar Sasselov and Bun{\textquotesingle}ei Sato and Sara Seager and Alessandro Sozzetti and Keivan G. Stassun and Peter Sullivan and Andrew Szentgyorgyi and Guillermo Torres and Stephane Udry and Joel Villasenor},
	Booktitle = {Space Telescopes and Instrumentation 2014: Optical, Infrared, and Millimeter Wave},
	Doi = {10.1117/12.2063489},
	Editor = {Jacobus M. Oschmann and Mark Clampin and Giovanni G. Fazio and Howard A. MacEwen},
	Month = {aug},
	Publisher = {{SPIE}-Intl Soc Optical Eng},
	Title = {Transiting Exoplanet Survey Satellite ({TESS})},
	Url = {https://doi.org/10.1117%2F12.2063489},
	Year = {2014},
	Bdsk-Url-1 = {https://doi.org/10.1117%2F12.2063489},
	Bdsk-Url-2 = {http://dx.doi.org/10.1117/12.2063489}}

@article{Aigrain:2015,
	Author = {S. Aigrain and J. Llama and T. Ceillier and M. L. d. Chagas and J. R. A. Davenport and R. A. Garcia and K. L. Hay and A. F. Lanza and A. McQuillan and T. Mazeh and J. R. de Medeiros and M. B. Nielsen and T. Reinhold},
	Doi = {10.1093/mnras/stv853},
	Journal = {Monthly Notices of the Royal Astronomical Society},
	Month = {may},
	Number = {3},
	Pages = {3211--3226},
	Publisher = {Oxford University Press ({OUP})},
	Title = {Testing the recovery of stellar rotation signals from Kepler light curves using a blind hare-and-hounds exercise},
	Url = {https://doi.org/10.1093%2Fmnras%2Fstv853},
	Volume = {450},
	Year = {2015},
	Bdsk-Url-1 = {https://doi.org/10.1093%2Fmnras%2Fstv853},
	Bdsk-Url-2 = {http://dx.doi.org/10.1093/mnras/stv853}}

@article{Loeb:2003,
	Author = {Abraham Loeb and B. Scott Gaudi},
	Doi = {10.1086/375551},
	Journal = {The Astrophysical Journal},
	Month = {apr},
	Number = {2},
	Pages = {L117--L120},
	Publisher = {{IOP} Publishing},
	Title = {Periodic Flux Variability of Stars due to the Reflex Doppler Effect Induced by Planetary Companions},
	Url = {https://doi.org/10.1086%2F375551},
	Volume = {588},
	Year = {2003},
	Bdsk-Url-1 = {https://doi.org/10.1086%2F375551},
	Bdsk-Url-2 = {http://dx.doi.org/10.1086/375551}}

@article{ForemanMackey:2015,
	Author = {Daniel Foreman-Mackey and Benjamin T. Montet and David W. Hogg and Timothy D. Morton and Dun Wang and Bernhard Sch\"{o}lkopf},
	Doi = {10.1088/0004-637x/806/2/215},
	Journal = {The Astrophysical Journal},
	Month = {jun},
	Number = {2},
	Pages = {215},
	Publisher = {{IOP} Publishing},
	Title = {A {SYSTEMATIC} {SEARCH} {FOR} {TRANSITING} {PLANETS} {IN} {THE} K2 {DATA}},
	Url = {https://doi.org/10.1088%2F0004-637x%2F806%2F2%2F215},
	Volume = {806},
	Year = {2015},
	Bdsk-Url-1 = {https://doi.org/10.1088%2F0004-637x%2F806%2F2%2F215},
	Bdsk-Url-2 = {http://dx.doi.org/10.1088/0004-637x/806/2/215}}
