@article{Rivollat2023,
  author = {Rivollat, Maïté and Rohrlach, Adam Benjamin and Ringbauer,
    Harald and Childebayeva, Ainash and Mendisco, Fanny and Barquera,
    Rodrigo and Szolek, András and Le Roy, Mélie and Colleran, Heidi and
    Tuke, Jonathan and Aron, Franziska and Pemonge, Marie-Hélène and
    Späth, Ellen and Télouk, Philippe and Rey, Léonie and Goude,
    Gwenaëlle and Balter, Vincent and Krause, Johannes and Rottier,
    Stéphane and Deguilloux, Marie-France and Haak, Wolfgang},
  title = {Extensive Pedigrees Reveal the Social Organization of a
    {Neolithic} Community},
  journal = {Nature},
  volume = {620},
  number = {7974},
  pages = {600-606},
  date = {2023},
  url = {https://doi.org/10.1038/s41586-023-06350-8},
  doi = {10.1038/s41586-023-06350-8},
  issn = {1476-4687}
}

@article{Alaçamlı2024,
  author = {Alaçamlı, Erkin and Naidoo, Thijessen and Güler, Merve N.
    and Sağlıcan, Ekin and Aktürk, Şevval and Mapelli, Igor and Vural,
    Kıvılcım Başak and Somel, Mehmet and Malmström, Helena and Günther,
    Torsten},
  title = {READv2: Advanced and User-Friendly Detection of Biological
    Relatedness in Archaeogenomics},
  journal = {Genome Biology},
  volume = {25},
  number = {1},
  pages = {216},
  year = {2024},
  url = {https://doi.org/10.1186/s13059-024-03350-3}
}
