@article{Blöcher2023,
  author = {Blöcher, Jens and Brami, Maxime and Feinauer, Isabelle Sofie
    and Stolarczyk, Eliza and Diekmann, Yoan and Vetterdietz, Lisa and
    Karapetian, Marina and Winkelbach, Laura and Kokot, Vanessa and
    Vallini, Leonardo and Stobbe, Astrid and Haak, Wolfgang and
    Papageorgopoulou, Christina and Krause, Rüdiger and Sharapova,
    Svetlana and Burger, Joachim},
  publisher = {Proceedings of the National Academy of Sciences},
  title = {Descent, Marriage, and Residence Practices of a
    3,800-Year-Old Pastoral Community in {Central} {Eurasia}},
  journal = {Proceedings of the National Academy of Sciences},
  volume = {120},
  number = {36},
  pages = {e2303574120},
  url = {https://doi.org/10.1073/pnas.2303574120}
}
