@article{Fowler2022,
  author = {Fowler, Chris and Olalde, Iñigo and Cummings, Vicki and
    Armit, Ian and Büster, Lindsey and Cuthbert, Sarah and Rohland,
    Nadin and Cheronet, Olivia and Pinhasi, Ron and Reich, David},
  title = {A High-Resolution Picture of Kinship Practices in an {Early}
    {Neolithic} Tomb},
  journal = {Nature},
  volume = {601},
  number = {7894},
  pages = {584-587},
  date = {2022},
  url = {https://doi.org/10.1038/s41586-021-04241-4},
  doi = {10.1038/s41586-021-04241-4},
  issn = {1476-4687}
}
